@software{devos-theme,
  title  = {Slides in UGent-stijl met \LaTeX\ beamer},
  author = {Harald Devos},
  url    = {http://latex.ugent.be/node/52}
}

@software{ua-beamer,
  title = {\texttt{ua-beamer} home at GitHub},
  author = {Nico Schl\"omer},
  year = {2011},
  url = {https://github.com/nschloe/ua-beamer}
}

@software{ugent-beamer,
  title = {\texttt{ugent-beamer} home at GitHub},
  author = {Pieter Belmans},
  year = {2012},
  url = {https://github.com/pbelmans/ugent-beamer}
}

@software{pygments,
  author = {Pocoo},
  title = {Pygments},
  url = {http://pygments.org},
  year = {2012},
  version = {1.5},
}

@software{ugent-pygments-style,
  title = {\texttt{ugent-pygments-style} home at GitHub},
  author = {Pieter Belmans},
  year = {2012},
  url = {https://github.com/pbelmans/ugent-pygments-style},
}

@online{pbelmans,
  title = {Personal homepage},
  author = {Pieter Belmans},
  year = {2012},
  url = {http://pbelmans.wordpress.com}
}

@software{beamer-repository,
  title = {\LaTeX{} Beamer Class},
  author = {Mileti\'c, Vedran},
  month = aug,
  year = {2010},
  url = {https://bitbucket.org/rivanvx/beamer/wiki/Home}
}

@manual{beamer-manual,
  title = {The \texttt{beamer} class. User Guide for version 3.10.},
  author = {Tantau, Till and Wright, Joseph and Mileti\'c, Vedran},
  month = jul,
  year = {2010},
  url = {http://www.ctan.org/tex-archive/macros/latex/contrib/beamer/doc/beameruserguide.pdf}
}

@online{conversion-chart,
  title = {Table de couleurs: {PMS} {CMYK} {HEX}},
  url = {http://www.zedimage.com/pms-cmyk-hex.php}
}

@manual{ugent-color-guide,
  title = {Kleurgebruik},
  author = {Universiteit Gent},
  url = {http://www.huisstijl.ugent.be/elementen/kleurgebruik.pdf},
}

@software{babel,
  title = {\texttt{babel}},
  url = {http://ctan.org/pkg/babel},
  version = {3.8m},
  author = {Johannes L. Braams},
}
